@inproceedings{stefanescu-park-yuwen-li-rosu-2016-oopsla,
    author = "\c{S}tef\u{a}nescu, Andrei and Park, Daejun and Yuwen, Shijiao and Li, Yilong and Ro\c{s}u, Grigore",
    publisher = "ACM",
    doi = "http://dx.doi.org/10.1145/2983990.2984027",
    title = "Semantics-Based Program Verifiers for All Languages",
    booktitle = "Proceedings of the 31th Conference on Object-Oriented Programming, Systems, Languages, and Applications (OOPSLA'16)",
    month = "Nov",
    year = "2016",
    pages = "74-91"
}

@inproceedings{park-stefanescu-rosu-2015-pldi,
    author = "Park, Daejun and \c{S}tef\u{a}nescu, Andrei and Ro\c{s}u, Grigore",
    publisher = "ACM",
    doi = "http://dx.doi.org/10.1145/2737924.2737991",
    title = "{KJS}: A Complete Formal Semantics of {JavaScript}",
    booktitle = "Proceedings of the 36th ACM SIGPLAN Conference on Programming Language Design and Implementation (PLDI'15)",
    month = "June",
    year = "2015",
    pages = "346-356"
}

@phdthesis{ellison-2012-thesis,
    author = "Ellison, Chucky",
    year = "2012",
    school = "University of Illinois",
    month = "July",
    doi = "http://hdl.handle.net/2142/34297",
    title = "A Formal Semantics of {C} with Applications"
}

@inproceedings{bogdanas-rosu-2015-popl,
    author = "Bogd\u{a}na\c{s}, Denis and Ro\c{s}u, Grigore",
    publisher = "ACM",
    doi = "http://dx.doi.org/10.1145/2676726.2676982",
    title = "{K-Java: A Complete Semantics of Java}",
    booktitle = "Proceedings of the 42nd Symposium on Principles of Programming Languages (POPL'15)",
    month = "January",
    year = "2015",
    pages = "445-456"
}

@inproceedings{guth-hathhorn-saxena-rosu-2016-cav,
    author = "Guth, Dwight and Hathhorn, Chris and Saxena, Manasvi and Rosu, Grigore",
    publisher = "Springer",
    doi = "http://dx.doi.org/10.1007/978-3-319-41528-4_24",
    title = "RV-Match: Practical Semantics-Based Program Analysis",
    series = "LNCS",
    booktitle = "Computer Aided Verification - 28th International Conference, {CAV} 2016, Toronto, ON, Canada, July 17-23, 2016, Proceedings, Part {I}",
    month = "July",
    volume = "9779",
    year = "2016",
    pages = "447-453"
}

@inproceedings{hathhorn-ellison-rosu-2015-pldi,
    author = "Hathhorn, Chris and Ellison, Chucky and Ro\c{s}u, Grigore",
    publisher = "ACM",
    doi = "http://dx.doi.org/10.1145/2813885.2737979",
    title = "Defining the Undefinedness of C",
    booktitle = "Proceedings of the 36th ACM SIGPLAN Conference on Programming Language Design and Implementation (PLDI'15)",
    month = "June",
    year = "2015",
    pages = "336-345"
}

